@article{Ushiki1982,
   author = "Shigehiro Ushiki",
   title = "Central Difference Schemes and Chaos",
   journal = "Physica D: Nonlinear Phenomena",
   volume = "4",
   number = "3",
   pages = "407 -- 424",
   year = "1982",
   url = "https://doi.org/10.1016/0167-2789(82)90044-6"
}
